@article{makansi2024,
  author    = {Jordan Makansi},
  title     = {A Greedy Quantum Route-Generation Algorithm},
  journal   = {arXiv preprint},
  volume    = {arXiv:2405.03054},
  year      = {2024},
  archivePrefix = {arXiv},
  primaryClass = {quant-ph}
}

@article{binpacking2024,
  title     = {Application of Bin Packing Algorithms to Package Assignment Problems},
  journal   = {Logistics and Optimization Research},
  year      = {2024},
  note      = {Explores Bin Packing Algorithms for package assignment, modeling delivery vehicles as bins to optimize space utilization and minimize vehicle usage.}
}

@article{amazon_logistics2024,
  author    = {Amazon Logistics},
  title     = {AI-Driven Package Assignment and Route Optimization},
  journal   = {Amazon Research},
  year      = {2024},
  note      = {Utilizes AI-driven algorithms for package assignment and the Amazon Routing Engine (ARE) for route optimization.}
}

@manual{googlemapsapi,
  author    = {Google Developers},
  title     = {Google Maps API Documentation},
  year      = {2024},
  url       = {https://developers.google.com/maps/documentation},
  note      = {Accessed: 2025-03-25}
}

@manual{flutter2024,
  author    = {Google Developers},
  title     = {Flutter: Build Apps for Any Screen},
  year      = {2024},
  url       = {https://flutter.dev/docs},
  note      = {Accessed: 2025-03-25}
}

@manual{firestore2024,
  author    = {Google Firebase},
  title     = {Cloud Firestore Documentation},
  year      = {2024},
  url       = {https://firebase.google.com/docs/firestore},
  note      = {Accessed: 2025-03-25}
}

@book{cormen2022,
  author    = {Thomas H. Cormen and Charles E. Leiserson and Ronald L. Rivest and Clifford Stein},
  title     = {Introduction to Algorithms},
  publisher = {MIT Press},
  year      = {2022}
}



@article{workload2024,
  author    = {},
  title     = {A Multi-Algorithm Approach for Operational Human Resources Workload Balancing in Last-Mile Urban Package Delivery Systems},
  journal   = {arXiv preprint},
  year      = {2024},
  archivePrefix = {arXiv}
}

@manual{flask2024,
  author    = {Flask Community},
  title     = {Flask: Web Development, One Drop at a Time},
  year      = {2024},
  url       = {https://flask.palletsprojects.com/},
  note      = {Accessed: 2025-03-25}
}
